<record><leader>00000cas a22000007a 4500</leader><controlfield tag="001">12360622</controlfield><controlfield tag="008">850807d191u1925hiucr ne      0    0eng d</controlfield><datafield ind1=" " ind2=" " tag="010"><subfield code="a">sn 85047198 </subfield></datafield><datafield ind1=" " ind2=" " tag="040"><subfield code="a">HWN</subfield><subfield code="b">eng</subfield><subfield code="c">HWN</subfield><subfield code="d">OCL</subfield><subfield code="d">OCLCQ</subfield></datafield><datafield ind1=" " ind2=" " tag="042"><subfield code="a">msc</subfield></datafield><datafield ind1=" " ind2=" " tag="043"><subfield code="a">n-us-hi</subfield></datafield><datafield ind1="0" ind2="0" tag="245"><subfield code="a">Semi-weekly star-bulletin.</subfield></datafield><datafield ind1="1" ind2="7" tag="246"><subfield code="a">Honolulu star-bulletin semi-weekly</subfield></datafield><datafield ind1=" " ind2=" " tag="260"><subfield code="a">Honolulu [Hawaii] :</subfield><subfield code="b">Honolulu Star Bulletin</subfield></datafield><datafield ind1=" " ind2=" " tag="300"><subfield code="a">v. :</subfield><subfield code="b">ill. ;</subfield><subfield code="c">57 cm.</subfield></datafield><datafield ind1=" " ind2=" " tag="310"><subfield code="a">Semiweekly</subfield></datafield><datafield ind1="0" ind2=" " tag="362"><subfield code="a">-v. 22, no. 6834 (Sept. 18, 1925).</subfield></datafield><datafield ind1=" " ind2=" " tag="515"><subfield code="a">Issues bear double numbering in continuation of: Hawaiian star, e.g., v. 13 (1913), and: Evening bulletin, e.g. v. 7 (1913).</subfield></datafield><datafield ind1=" " ind2=" " tag="580"><subfield code="a">Issued concurrently with the daily: Honolulu star-bulletin.</subfield></datafield><datafield ind1=" " ind2=" " tag="588"><subfield code="a">Description based on: Vol. 13, no. 3537 (Jan. 3, 1913).</subfield></datafield><datafield ind1=" " ind2=" " tag="752"><subfield code="a">United States</subfield><subfield code="b">Hawaii</subfield><subfield code="c">Honolulu</subfield><subfield code="d">Honolulu.</subfield></datafield><datafield ind1="0" ind2="0" tag="780"><subfield code="t">Semi-weekly star</subfield><subfield code="w">(DLC)sn 84020559</subfield><subfield code="w">(OCoLC)11125844</subfield></datafield><datafield ind1="1" ind2=" " tag="787"><subfield code="t">Honolulu star-bulletin</subfield><subfield code="w">(DLC)sn 82014682</subfield><subfield code="w">(OCoLC)8807359</subfield></datafield></record>